@misc{canvasapi,
  author = {MDN közremüködők},
  title = {Canvas {API}},
  year = {2021},
  note = {\url{https://developer.mozilla.org/en-US/docs/Web/API/Canvas_API}}
}
@misc{webgl,
  author = {MDN közremüködők},
  title = {{WebGL}: {2D} and {3D} graphics for the web},
  year = {2022},
  note = {\url{https://developer.mozilla.org/en-US/docs/Web/API/WebGL_API}}
}
@misc{waylandsupport,
  author = {Wayland csapat},
  title = {Wayland toolkits},
  year = {2021},
  note = {\url{https://wayland.freedesktop.org/toolkits.html}}
}
@misc{xcb,
  author = {Alan Coopersmith},
  title = {The {X} {New} {Developer’s} {Guide}: {Xlib} and {XCB}},
  year = {2013},
  note = {\url{https://xorg.freedesktop.org/wiki/guide/xlib-and-xcb/}},
  huname = 0
}
@misc{c-oop,
  author = {Michael Safyan},
  title = {{Object-Oriented} {Programming} {(OOP)} in {C}},
  year = {2017},
  note = {\url{https://www.codementor.io/@michaelsafyan/object-oriented-programming-in-c-du1081gw2}},
  huname = 0
}
@misc{cmocka,
  author = {Andreas Schneider},
  title = {cmocka - unit testing framework},
  year = {2020},
  note = {\url{https://cmocka.org/}},
  huname = 0
}
@misc{git,
  author = {Scott Chacon és egyéb közremüködők},
  title = {Git},
  year = {2021},
  note = {\url{https://git-scm.com/}}
}
@misc{wsl,
  author = {craigloewen{-}msft},
  title = {What is the {Windows} {Subsystem} for {Linux}?},
  year = {2021},
  note = {\url{https://docs.microsoft.com/en-us/windows/wsl/about}}
}
@misc{vcxsrv,
  author = {Computer Hope},
  title = {What is {VcSsrv}?},
  year = {2019},
  note = {\url{https://www.computerhope.com/jargon/v/vcxsrv.htm}}
}
@misc{wsl-install,
  author = {mattwojo},
  title = {Get started with the {Windows} {Subsystem} for {Linux}},
  year = {2020},
  note = {\url{https://docs.microsoft.com/en-us/learn/modules/get-started-with-windows-subsystem-for-linux/}}
}
@misc{wsl+vscode,
  author = {crloewen},
  title = {Get started using {VS Code} with {WSL}},
  year = {2021},
  note = {\url{https://docs.microsoft.com/en-us/windows/wsl/tutorials/wsl-vscode}}
}
@misc{vcxsrv-setup,
  author = {whme},
  title = {How to set up working {X11} forwarding on {WSL2}},
  year = {2022},
  note = {\url{https://stackoverflow.com/a/61110604}}
}
@misc{xcb-tutorial,
  author = {XCB közremüködők},
  title = {xcb/tutorial},
  year = {2014},
  note = {\url{https://xcb.freedesktop.org/tutorial/}}
}
@article{github-copilot,
  author = {Dave Gershgorn},
  title = {GitHub and {OpenAI} launch a new {AI} tool that generates its own code},
  journal = {The Verge},
  year = {2021},
  month = jun,
  note = {\url{https://www.theverge.com/2021/6/29/22555777/github-openai-ai-tool-autocomplete-code}},
  huname = 0
}
@misc{alt-xcbcanvas,
  author = {CrypticSwarm},
  title = {GitHub - {CrypticSwarm}/xcb-canvas},
  year = {2011},
  note = {\url{https://github.com/CrypticSwarm/xcb-canvas}}
}
@inbook{de-casteljau,
  author = {Max K. Agoston},
  title = {Computer {Graphics} and {Geometric} {Modelling}: {Implementation} \& {Algorithms}},
  chapter = {11.4},
  publisher = {Springer {Science}+{Business} {Media}},
  pages = {401},
  year = {2005},
  isbn = {978-1-84628-108-2},
  note = {\url{https://books.google.hu/books?id=TAYw3LEs5rgC&pg=PA401}}
}
@misc{v8-jit,
  author = {Jakob Gruber},
  title = {{JIT}-less {V8}},
  year = {2019},
  note = {\url{https://v8.dev/blog/jitless}}
}
@misc{xcbjs,
  author = {CrypticSwarm},
  title = {GitHub - {CrypticSwarm}/{XCBJS}},
  year = {2011},
  note = {\url{https://github.com/CrypticSwarm/XCBJS}}
}

@book{da2019learn,
  title={Learn Chart. js: Create interactive visualizations for the web with chart. js 2},
  author={Da Rocha, Helder},
  year={2019},
  publisher={Packt Publishing Ltd}
}

